@article{silbar.reddy.2004/neutron.stars,
    author = "Richard R. Silbar and Sanjay Reddy",
    title = "Neutron stars for undergraduates",
    journal = "American Journal of Physics",
    volume = "72",
    number = "7",
    pages = "892--905",
    year = "2004",
    doi = "10.1119/1.1703544",
} 

@article{prakash.ainsworth.lattimer.1988/eos,
    title = "Equation of State and the Maximum Mass of Neutron Stars",
    author = "M. Prakash and T. L. Ainsworth and J. M. Lattimer",
    journal = "Physical Review Letters",
    volume = "61",
    issue = "22",
    pages = "2518--2521",
    year = "1988",
    month = "11",
    publisher = "American Physical Society",
    doi = "10.1103/PhysRevLett.61.2518",
}

@book{koonin.1986/computational.physics/rk4.white.dwarf,
    author = "Steven E. Koonin",
    title = "Computational Physics",
    year = "1986",
    publisher = "Benjamin-Cummings Publishing Co.",
    isbn = "0805354301",
    pages = "23--46"
}
